%
@online{gstatistic,
	subtitle = {Der mobile Nutzer},
	date ={2012-05},
	author = {Google},
	urldate = {2013-06-05},
	Title = {Unser mobiler Planet: Deutschland},
	Url = {http://services.google.com/fh/files/blogs/our_mobile_planet_germany_de.pdf}
}

@online{appfacebook,
	urldate = {2013-06-05},
	Title = {Facebook App},
	Url = {http://www.windowsphone.com/de-de/store/app/facebook/82a23635-5bd9-df11-a844-00237de2db9e}
}

@online{applatitude,
	urldate = {2013-06-05},
	Title = {Google Latitude App},
	Url = {https://itunes.apple.com/de/app/google-latitude/id306586497?mt=8}
}

@online{latitude,
	urldate = {2013-06-05},
	Title = {Google Latitude},
	Url ={http://www.google.de/intl/de_ALL/mobile/latitude/}
}

@online{facebook,
	urldate = {2013-06-05},
	Title = {Facebook},
	Url = {https://www.facebook.com/}
}

@online{whatsapp,
	urldate = {2013-06-05},
	Title = {WhatsApp},
	Url = {http://www.whatsapp.com/}
}

@online{achartengine,
	urldate = {2013-06-05},
	Title = {AChartEngine},
	Url = {http://www.achartengine.org/}
}

@online{androidplot,
	urldate = {2013-06-05},
	Title = {AndroidPlot},
	Url = {http://androidplot.com/}
}

@online{fluidui,
	urldate={2013-12-05},
	Title= {FluidUI},
	Url = {https://www.fluidui.com/}
}

@online{googlelatitudedead,
	urldate={2013-12-08},
	Title={Latitude discontinued},
	Url={https://support.google.com/gmm/answer/3001634}
}